


@misc{whiteboxtools,
 author = {{Whitebox Geospatial Inc.}},
 title = {Whitebox Geospatial Inc: Innovative geospatial software built on open-source},
 year = 2022,
 url = {https://www.whiteboxgeo.com/},
 note = {Accessed: 2022-05-15}
}

@Manual{grassgis,
  title = {Geographic Resources Analysis Support System (GRASS GIS) Software, Version 7.2},
  author = {{GRASS Development Team}},
  organization = {Open Source Geospatial Foundation},
  year = {2017},
  url = {http://grass.osgeo.org},
}

@misc{taudem5,
  author = {Tarboton, D.},
  title = {TauDEM Version 5},
  year = 2022,
  url = {https://hydrology.usu.edu/taudem/taudem5/index.html},
  note = {Accessed: 2022-05-15}
}

@Article{Conrad2015GMD,
  AUTHOR = {Conrad, O. and Bechtel, B. and Bock, M. and Dietrich, H. and Fischer, E. and Gerlitz, L. and Wehberg, J. and Wichmann, V. and B\"ohner, J.},
  TITLE = {System for Automated Geoscientific Analyses (SAGA) v. 2.1.4},
  JOURNAL = {Geoscientific Model Development},
  VOLUME = {8},
  YEAR = {2015},
  NUMBER = {7},
  PAGES = {1991--2007},
  URL = {https://gmd.copernicus.org/articles/8/1991/2015/},
  DOI = {10.5194/gmd-8-1991-2015}
}


@article{Moore2021HPdatanote,
  author = {Moore, R. Dan and Allen, Diana and MacKenzie, Lucy and Spittlehouse, David and Winkler, Rita},
  title = {Data sets for the Upper Penticton Creek watershed experiment: A paired-catchment study to support investigations of watershed response to forest dynamics and climatic variability in an inland snow-dominated region},
  journal = {Hydrological Processes},
  volume = {35},
  number = {10},
  pages = {e14391},
  doi = {https://doi.org/10.1002/hyp.14391},
  year = {2021}
 }

@report{govcanada2019,
  author = {{Government of Canada}},
  year = {2019},
  title = {{National Hydrometric Network Basin Polygons}},
  url = {https://open.canada.ca/data/en/dataset/0c121878-ac23-46f5-95df-eb9960753375}}   
}

@article{Teucher2018,
  author = {Teucher, A. and Hazlitt, S. and Albers, S.},
  year = {2018},
  title = {{bcmaps: Map Layers and Spatial Utilities for
British Columbia, R package version 0.17.1.}},
  url = {https://CRAN.R-project.org/package=bcmaps}
}


@article{Moore2017Confluence,
  title = {{Why watershed analysts should use R for data processing and analysis}},
  journal = {Confluence: Journal of Watershed Science and Management},
  volume = {1},
  pages = {1-13},
  year = {2017},
  doi = {10.22230/jwsm.2017v1n1a2 },
  author = {Moore, R. D. and Hutchinson, D. G.}
}
 
@article{Slater2019HESS,
  AUTHOR = {Slater, L. J. and Thirel, G. and Harrigan, S. and Delaigue, O. and Hurley, A. and Khouakhi, A. and Prosdocimi, I. and Vitolo, C. and Smith, K.},
  TITLE = {{Using R in hydrology: a review of recent developments and future directions}},
  JOURNAL = {Hydrology and Earth System Sciences},
  VOLUME = {23},
  YEAR = {2019},
  PAGES = {2939-2963},
  DOI = {10.5194/hess-23-2939-2019}
}

@article{Lai2019,
  author = {Lai, J. and Lortie, C. J. and Muenchen, R. A. and Yang, J. and Ma, K.},
  title = {{Evaluating the popularity of R in ecology}},
  journal = {Ecosphere},
  volume = {10},
  pages = {e02567},
  doi = {10.1002/ecs2.2567},
  year = {2019}
}
